@Article{brinkman80:bach,
  author =       {Brinkman, A.R.},
  title =        {{J}ohann {S}ebastian {B}ach's {O}rgelb√ºchlein},
  journal =      {Music Theory Spectrum},
  year =         1980,
  volume =       2,
  pages =        {46-73}
}

@Article{byrd77:integrated,
  author =       {Donald Byrd},
  title =        {An Integrated Computer Music Software System},
  journal =      {Computer Music Journal},
  year =         1977,
  volume =    1,
  pages =     {55-6-}}

@TechReport{hoffmann00:constraint,
  author =       {Hoffmann, T. and Birmingham, W. P.},
  title =        {A Constraint Satisfaction Approach To Tonal Harmonic Analysis},
  institution =  {Electrical Engineering and Computer Science Department, University of Michigan},
  year =         2000}


@InCollection{maxwell92:expert,
  author =       {Maxwell, H.J.},
  title =        {An Expert System for Harmonizing Analysis of Tonal Music},
  booktitle =    {Understanding Music with AI: Perspectives on Music Cognition},
  pages =     {335-353},
  publisher = {AAAI Press},
  year =      1992,
  editor =    {K.Ebcioglu and O.Laske and M. Balaban},
}


@PhdThesis{rothgeb68:harmonizing,
  author =       {Rothgeb, J.},
  title =        {Harmonizing the Unfigured Bass: a Computational
                  Study},
  school =       {Indiana University},
  year =         1968
}

@Article{temperley96:algorithm,
  author =       {Temperley, D.},
  title =        {An Algorithm for Harmonic Analysis},
  journal =      {Music Perception},
  year =         1996,
  volume =    15,
  number =    1,
  pages =     {31-68}}

@Article{white95:superstitious,
  author	= {A. P. White and W. Z. Liu},
  title		= {Superstitious learning and induction},
  journal	= {Artificial Intelligence Review},
  year		= 1995,
  volume	= 9,
  number	= 1,
  url     = {http://www.springerlink.com/content/l764p6v0225v3mx6/}
}

