@BOOK{selfridge-field97:beyond,
   ADDRESS = {Massachusetts},
   YEAR = {1997},
   PUBLISHER = {MIT},
   TITLE = {Beyond MIDI: the handbook of musical codes},
   EDITOR = {Eleanor Selfridge-Field},
}

@InProceedings{good00:representing,
  year		= 2000,
  author	= {Michael Good },
  url		= {http://ismir2000.ismir.net/posters/good.pdf},
  booktitle	= {ISMIR 2000: Proceedings of the First International
		  Conference on Music Information Retrieval},
  title		= {Representing Music Using XML},
  keywords	= {(MIR)}
}

@Article{hewlett92:base40,
  author	= {Hewlett, W. B.},
  title		= {A base-40 number-line representation of musical pitch
		  notation},
  journal	= {Musikometrika},
  year		= 1992,
  volume	= 4,
  pages		= {1-14},
  url     = {http://www.ccarh.org/publications/reprints/base40/}
}

@Book{		  kostka03:tonal,
  author	= {Stefan Kostka and Dorothy Payne},
  title		= {Tonal Harmony},
  publisher	= {McGraw-Hill},
  year		= 2003
}

@Book{		  lerdahl83:generative,
  author	= {Lerdahl, F. and R. Jackendoff},
  title		= {A Generative Theory of Tonal Music},
  publisher	= {MIT Press},
  year		= 1983,
  address	= {Cambridge}
}

@Misc{		  nienhuys:lilypond,
  author	= {Han-Wen Nienhuys and Jan Nieuwenhuizen},
  title		= {LilyPond},
  howpublished	= {Disponível em \url{www.lilypond.org}}
}

@InProceedings{rol00:xml4mir,
  year		= 2000,
  author	= {Perry Roland },
  url		= {http://ismir2000.ismir.net/papers/roland_paper.pdf},
  booktitle	= {Proceedings of ISMIR 2000},
  title		= {XML4MIR: Extensible Markup Language for Music Information
		  Retrieval},
  keywords	= {(MIR)}
}

@Book{		  russell02:aima,
  author	= {Stuart Russell and Peter Norvig},
  title		= {Artificial Intelligence: A Modern Approach},
  publisher	= {Prentice Hall},
  year		= 2002,
  edition	= {2nd}
}

