@Article{brinkman86:_binom_repres_of_pitch_for,
  author =       {Brinkman, A. R.},
  title =        {A Binomial Representation of Pitch for Computer
     Processing of Musical Data},
  journal =      {Music Theory Spectrum},
  year =         1986,
  volume =    8,
  pages =     {44-57}}

@InProceedings{kroger06:processo,
  author =       {Pedro Kröger and Marcos Sampaio and Givaldo de Cidra},
  title =        {O processo de desenvolvimento de uma codificação para definir
  estruturas musicais},
  booktitle = {Anais do XVI Congresso da ANPPOM},
  year =      2006}

@inproceedings{Ulrich77IJ,
  AUTHOR = {J. W. Ulrich},
  TITLE = {The Analysis and Synthesis of Jazz by Computer},
  YEAR = 1977,
  BOOKTITLE = {Proc. of the 5th IJCAI},
  ADDRESS = "Cambridge, MA",
  PAGES = {865-872},
  KEYWORDS = {}}

@InProceedings{abdallah.noland.ea:theory,
  author	= {Samer Abdallah and Katy Noland and Mark Sandler and
		  Michael Casey and Christophe Rhodes },
  booktitle	= {Proceedings of ISMIR 2005},
  title		= {Theory and Evaluation of a Bayesian Music Structure
		  Extractor},
  year		= 2005,
  url		= ismir2005.ismir.net/proceedings/1134.pdf,
  file		= {1134.pdf}
}

@MastersThesis{allan02:harmonizing,
  author	= {Moray Allan},
  title		= {Harmonising Chorales in the Style of Johann Sebastian
		  Bach},
  school	= {School of Informatics, University of Edinburgh},
  year		= 2002,
  file		= {allan02-harmonizing.pdf}
}

@InProceedings{barthelemy01:figured,
  author	= {Jerome Barthelemy and Alain Bonardi},
  title		= {Figured bass and tonality recognition},
  booktitle	= {Proceedings of ISMIR 2001},
  year		= 2001,
  file		= {figured-bass-and-tonality.pdf}
}

@InProceedings{bello.pickens:robust,
  author	= {Juan P. Bello and Jeremy Pickens },
  booktitle	= {Proceedings of ISMIR 2005},
  title		= {A Robust Mid-Level Representation for Harmonic Content in
		  Music Signals},
  year		= 2005,
  url		= ismir2005.ismir.net/proceedings/1038.pdf,
  file		= {1038.pdf}
}

@InProceedings{burgoyne.saul:learning,
  author	= {J. Ashley Burgoyne and Lawrence K. Saul },
  booktitle	= {Proceedings of ISMIR 2005},
  title		= {Learning Harmonic Relationships in Digital Audio with
		  Dirichlet-Based Hidden Markov Models},
  year		= 2005,
  url		= ismir2005.ismir.net/proceedings/1093.pdf,
  file		= {1093.pdf}
}

@PhDThesis{buteau03:topological,
  author	= {Chantal Buteau},
  title		= {A Topological Model of Motivic Structure and Analysis of
		  Music: Theory and Operationalization},
  school	= {Universität Zürich},
  year		= 2003,
  file		= {buteau03-topological.pdf}
}

@MastersThesis{buteau98:motivic,
  author	= {Chantal Buteau},
  title		= {Motivic Topologies and their Meaning in the Motivic
		  Analysis of Music},
  school	= {Faculté Des Sciences Et De Génie Université Laval},
  year		= 1998,
  file		= {buteau98-motivic.pdf}
}


@Article{byrd02:problems,
  author	= {Donald Byrd and Tim Crawford},
  title		= {Problems of music information retrieval in the real
		  world},
  journal	= {Information Processing \& Management},
  year		= 2002,
  volume	= 38,
  number	= 2,
  pages		= {249-272},
  file		= {byrd02:problems.pdf}
}

@InCollection{conklin02:representation,
  author	= {D. Conklin},
  title		= {Representation and discovery of vertical patterns in
		  music},
  booktitle	= {Music and Artificial Intelligence: Lecture Note in
		  Artificial Intelligence},
  pages		= {32-42},
  publisher	= {Springer-Verlag},
  year		= 2002,
  editor	= {C. Anagnostopoulou and M. Ferrand and A. Smaill},
  file		= {vertical-patterns.pdf}
}

@Article{conklin95:multiple,
  author	= "D. Conklin and I. Witten",
  title		= "Multiple viewpoint systems for music prediction",
  journal	= {Journal of New Music Research},
  year		= 1995,
  volume	= 24,
  pages		= {51--73},
  file		= {music-prediction.pdf}
}

@InProceedings{cunha99:intelligent,
  author	= {Cunha, U. and Ramalho, G.},
  title		= {An Intelligent Hybrid Model for Chord Prediction},
  booktitle	= {Organised Sound},
  pages		= {115-19},
  year		= 1999,
  volume	= 4,
  number	= 2,
  publisher	= {Cambridge University Press},
  file		= {cunha99-intelligent.pdf}
}

@InProceedings{harte.sandler.ea:symbolic,
  author	= {Christopher Harte and Mark Sandler and Samer Abdallah and
		  Emilia Gómez },
  booktitle	= {Proceedings of ISMIR 2005},
  title		= {Symbolic Representation of Musical Chords: A Proposed
		  Syntax for Text Annotations},
  year		= 2005,
  url		= ismir2005.ismir.net/proceedings/1080.pdf,
  file		= {1080.pdf}
}

@InProceedings{izmirli:audio,
  author	= {Özgür Izmirli },
  booktitle	= {Proceedings of ISMIR 2006},
  title		= {Audio Key Finding using Low-Dimensional Spaces},
  year		= 2006,
  url		= ismir2006.ismir.net/papers/ismir06165_paper.pdf,
  file		= {ISMIR06165_Paper.pdf}
}

@TechReport{joergensen02:harmonisation,
  author	= {Martin Elmer J\o rgensen and S\o ren Tjagvad Madsen},
  title		= {Harmonisation of Bach chorales},
  institution	= {University of Aarhus},
  year		= 2002,
  file		= {harmreport.pdf}
}

@InProceedings{lartillot02:integrating,
  year		= 2002,
  author	= {Olivier Lartillot },
  url		= {ismir2002.ismir.net/proceedings/03-SP02-3.pdf},
  booktitle	= {Proceedings of ISMIR 2002},
  title		= {Integrating Pattern Matching into an Analogy-Oriented
		  Pattern Discovery Framework},
  keywords	= {(MIR)}
}

@InProceedings{lee.slaney:automatic,
  author	= {Kyogu Lee and M. Slaney },
  booktitle	= {Proceedings of ISMIR 2006},
  title		= {Automatic Chord Recognition from Audio using an HMM with
		  },
  year		= 2006,
  url		= ismir2006.ismir.net/papers/ismir06166_paper.pdf,
  file		= {ISMIR06166_Paper.pdf}
}

@InProceedings{mouton95:numeric,
  author	= {Mouton, R. and Pachet, F.},
  title		= {Numeric vs symbolic controversy in automatic analysis of
		  tonal music},
  booktitle	= {IJCAI'95 Workshop on Artificial Intelligence and Music},
  pages		= {32-40},
  year		= 1995,
  file		= {symbolic-vs-numeric.pdf}
}

@InProceedings{neve.orio:experiments,
  author	= {Giovanna Neve and Nicola Orio },
  booktitle	= {Proceedings of ISMIR 2005},
  title		= {Experiments on Segmentation Techniques for Music Documents
		  Indexing},
  year		= 2005,
  url		= ismir2005.ismir.net/proceedings/2122.pdf,
  file		= {2122.pdf}
}

@InProceedings{noland.sandler:key,
  author	= {Katy Noland and M. Sandler },
  booktitle	= {Proceedings of ISMIR 2006},
  title		= {Key Estimation Using a Hidden Markov Model},
  year		= 2006,
  url		= ismir2006.ismir.net/papers/ismir0691_paper.pdf,
  file		= {ISMIR0691_Paper.pdf}
}

@InCollection{pachet00:computer,
  author	= {Fran\c{c}ois Pachet},
  title		= {Computer Analysis of Jazz Chord Sequence: Is Solar a
		  Blues?},
  booktitle	= {Readings in Music and Artificial Intelligence},
  publisher	= {Harwood Academic Publishers},
  year		= 2000,
  pages		= {85-113},
  file		= {pachet00:computer.pdf}
}

@InProceedings{pachet94muses,
  author	= "F. Pachet",
  title		= "The {MusES} System: An Environment for Experimenting with
		  Knowledge Representation Techniques in Tonal Harmony",
  booktitle	= "Proceedings of the 1st Brazilian Symposium on Computer
		  Music, Caxambu, Minas Gerais, Brazil",
  pages		= "195--201",
  year		= 1994,
  url		= "citeseer.ist.psu.edu/148999.html",
  file		= {the-muses-system-an.pdf}
}

@Article{pachet96representing,
  author	= "F. Pachet and G. Ramalho and J. Carrive",
  title		= "Representing Temporal Musical Objects and Reasoning in the
		  {MusES} System",
  journal	= "Journal of New Music Research",
  volume	= 5,
  number	= 3,
  pages		= "252--275",
  year		= 1996,
  url		= "citeseer.ist.psu.edu/pachet95representing.html",
  file		= {pachet95representing.pdf}
}

@InProceedings{paiement05:probabilistic,
  author	= {Jean-Francois Paiement and Douglas Eck and Samy Bengio},
  title		= {A Probabilistic Model for Chord Progressions},
  booktitle	= {Proceedings of ISMIR 2005},
  year		= 2005,
  file		= {a-probabilistic-model-for.pdf}
}

@InProceedings{pardo00:automated,
  author	= {B. Pardo and W. Birmingham},
  title		= {Automated Partitioning of Tonal Music},
  booktitle	= {Proceedings of the 13th International FLAIRS Conference},
  year		= 2000,
  file		= {pardo-birmingham-flairs00.pdf}
}

@Article{pardo02:algorithms,
  author	= {Pardo, Bryan and Birmingham, William P.},
  title		= {Algorithms for chordal analysis},
  journal	= {Computer Music Journal},
  year		= 2002,
  volume	= 26,
  number	= 2,
  pages		= {27-49},
  file		= {pardo02-algorithms.pdf}
}

@TechReport{pardo99:automated,
  author	= "B. Pardo and W. Birmingham",
  title		= "Automated Partitioning of Tonal Music",
  institution	= {Electrical Engineering and Computer Science Department,
		  University of Michigan},
  year		= 1999,
  file		= {pardo99automated.pdf}
}

@InProceedings{peeters:chroma-based,
  author	= {Geoffroy Peeters },
  booktitle	= {Proceedings of ISMIR 2006},
  title		= {Chroma-based Estimation of Musical Key from Audio-Signal
		  Analysis},
  year		= 2006,
  url		= ismir2006.ismir.net/papers/ismir06134_paper.pdf,
  file		= {ISMIR06134_Paper.pdf}
}

@InProceedings{phon-amnuaisuk99:harmonization,
  author	= "Somnuk Phon-Amnuaisuk and Geraint A. Wiggins",
  title		= "The Four-Part Harmonisation Problem: A comparison between
		  Genetic Algorithms",
  booktitle	= {Proceedings of the AISB'99 Symposium on Musical
		  Creativity},
  year		= 1999,
  file		= {the-four-part-harmonisation.pdf}
}

@InProceedings{pickens01:survey,
  author	= {J. Pickens},
  title		= {A Survey of Feature Selection Techniques for Music
		  Information Retrieval},
  booktitle	= {Proceedings of ISMIR 2001},
  year		= 2001,
  file		= {pickens01survey.pdf}
}

@InProceedings{pickens02:harmonic,
  author	= {Jeremy Pickens and Tim Crawford},
  title		= {Harmonic models for polyphonic music retrieval},
  booktitle	= {CIKM '02: Proceedings of the eleventh international
		  conference on Information and knowledge management},
  year		= 2002,
  isbn		= {1-58113-492-4},
  pages		= {430--437},
  location	= {McLean, Virginia, USA},
  publisher	= {ACM Press},
  address	= {New York, NY, USA},
  file		= {pickens02:harmonic}
}

@InProceedings{pickens02:polyphonic,
  author	= {J. Pickens and J. P. Bello and G. Monti and T. Crawford
		  and M. Dovey and M. Sandler and D. Byrd},
  title		= {Polyphonic score retrieval using polyphonic audio queries:
		  A harmonic modeling approach},
  booktitle	= {Proceedings of ISMIR 2002},
  pages		= {140--149},
  year		= 2002,
  file		= {pickens02:polyphonic.pdf}
}

@PhDThesis{pickens04:harmonic,
  author	= {Jeremy Pickens},
  title		= {Harmonic Modeling For Polyphonic Music Retrieval},
  school	= {University of Massachusetts Amherst},
  year		= 2004,
  file		= {pickens04harmonic.pdf}
}

@Article{prather96:harmonic,
  author	= {R. E. Prather},
  title		= {Harmonic analysis from the computer representation of a
		  musical score},
  journal	= {Commun. ACM},
  volume	= 39,
  number	= 12,
  year		= 1996,
  publisher	= {ACM Press},
  address	= {New York, NY, USA},
  file		= {a239-prather.pdf}
}

@InProceedings{raphael03:harmonic,
  author	= "C. Raphael and J. Stoddard",
  title		= "Harmonic analysis with probabilistic graphical models",
  booktitle	= {Proceedings of ISMIR 2003},
  year		= 2003,
  file		= {raphael03harmonic.pdf}
}

@InProceedings{rothgeb79:simulating,
  author	= {John Rothgeb},
  title		= {Simulating musical skills by digital computer},
  booktitle	= {ACM 79: Proceedings of the 1979 annual conference},
  year		= 1979,
  isbn		= {0-89791-008-7},
  pages		= {121--125},
  publisher	= {ACM Press},
  address	= {New York, NY},
  file		= {rothgeb79:simulating.pdf}
}

@Article{sapp05:visual,
  author	= {Craig Stuart Sapp},
  title		= {Visual hierarchical key analysis},
  journal	= {Comput. Entertain.},
  volume	= 3,
  number	= 4,
  year		= 2005,
  issn		= {1544-3574},
  pages		= {1--19},
  publisher	= {ACM Press},
  address	= {New York, NY, USA},
  file		= {sapp05:visual.pdf}
}

@InProceedings{scholz05:funchal,
  author	= {Scholz, Ricardo And Dantas, Vitor And Ramalho, G. L.},
  title		= {Funchal: a System for Automatic Functional Harmonic
		  Analysis},
  booktitle	= {Proceedings of the 10th Brazilian Symposium on Computer
		  Music},
  pages		= {287--290},
  year		= 2005
}

@Misc{		  sleator03:melisma,
  author	= {Daniel Sleator and Davy Temperley},
  title		= {The Melisma Music Analyzer},
  howpublished	= {Available at
		  \url{www.link.cs.cmu.edu/music-analysis/}},
  year		= 2003
}

@Misc{		  temperley01:materials,
  author	= {David Temperley},
  title		= {Materials Used in \textit{The Cognition of Basic Musical
		  Structures}},
  howpublished	= {Available at
		  \url{www.link.cs.cmu.edu/melisma/cbms.html}},
  year		= 2001
}

@Article{temperley04:bayesian,
  author	= {David Temperley},
  title		= {Bayesian Models of Musical Structure and Cognition},
  journal	= {Musicae Scientiae},
  year		= 2004,
  volume	= 8,
  number	= 2,
  pages		= {175-205},
  file		= {temperley04:bayesian.pdf}
}

@Article{temperley99:modeling,
  author	= {D. Temperley and D. Sleator},
  title		= {Modeling meter and harmony: a preference-rule approach},
  journal	= {Computer Music Journal},
  year		= 1999,
  file		= {music-modeling.pdf},
  volume	= 23,
  number	= 1,
  pages		= {10--27}
}

@InProceedings{thom95:predicting,
  author	= "Belinda Thom",
  title		= "Predicting Chordal Transitions In Jazz: The Good, the Bad,
		  and the Ugly",
  booktitle	= {Proceedings of the IJCAI-95 International Workshop on
		  Artificial Intelligence and Music},
  year		= 1995
}

@MastersThesis{tsui02:_harmon_analy_using_neural_networ,
  author =       {Wan Shun Vincent Tsui},
  title =        {Harmonic Analysis Using Neural Networks},
  school =       {University of Toronto},
  year =         2002,
  file =         {Tsui_MASc.pdf}
}

@InProceedings{typke.wiering.ea:survey,
  author	= {Rainer Typke and Frans Wiering and Remco C. Veltkamp },
  booktitle	= {Proceedings of ISMIR 2005},
  title		= {A Survey of Music Information Retrieval Systems},
  year		= 2005,
  url		= ismir2005.ismir.net/proceedings/1020.pdf,
  file		= {1020.pdf}
}

@InProceedings{wang97:generating,
  author	= {Jeng-Feng Wang and Tsai-Yen Li},
  title		= {Generating Guitar Scores from a MIDI Source},
  booktitle	= {Proceedings of 1997 International Symposium on Multimedia
		  Information Processing},
  year		= 1997,
  file		= {generating-guitar-scores-from.pdf}
}

@Misc{parker:_lexer_packag,
  author =    {Michael Parker},
  title =     {Lexer Package},
  howpublished = {Available at \url{www.geocities.com/mparker762/clawk.html#lexer}},
  year		= s.d.
}

@Misc{chroboczek:_cl_yacc_manual,
  author =    {Juliusz Chroboczek},
  title =     {The CL-Yacc Manual},
  howpublished = {Available at \url{www.pps.jussieu.fr/~jch/software/cl-yacc/cl-yacc.html}},
  year		= s.d.
}

@Misc{nissen:fann,
  author =    {Steffen Nissen},
  title =     {Fast Artificial Neural Network Library},
  howpublished = {Available at \url{leenissen.dk/fann/html/files/fann-h.html}},
  year		= s.d.
}

@Misc{baudis:_git_users_manual,
  author =    {Petr Baudis},
  title =     {Git User's Manual},
  howpublished = {Available at \url{www.kernel.org/pub/software/scm/git/docs/user-manual.html}},
  year		= s.d.
}

@Misc{maclachlan06:_cmucl_users_manual,
  author =    {Robert A. MacLachlan},
  title =     {CMUCL User's Manual},
  howpublished = {Available at \url{common-lisp.net/project/cmucl/doc/cmu-user/}},
  month =     {Nov},
  year =      2006}

@Misc{haible07:_clisp,
  author =    {Bruno Haible and Michael Stoll and Sam Steingold},
  title =     {CLISP},
  howpublished = {Available at \url{clisp.cons.org}},
  year =      2007}

@Misc{team07:_sbcl,
  author =    {SBCL development team},
  title =     {SBCL 1.0.13.45 User Manual},
  howpublished = {Available at \url{www.sbcl.org/manual/}},
  year =      2007}

@Misc{koechlin22:_sur_les_notes_de_passag,
  author =    {Charles Koechlin},
  title =        {Études sur les notes de passage},
  year =         1922}
